<record><leader>00000cas a22000007a 4500</leader><controlfield tag="001">24956700</controlfield><controlfield tag="008">911216d19071947nyuwr ne      0    0eng d</controlfield><datafield ind1=" " ind2=" " tag="010"><subfield code="a">sn 92061403 </subfield></datafield><datafield ind1=" " ind2=" " tag="040"><subfield code="a">NYS</subfield><subfield code="b">eng</subfield><subfield code="c">NYS</subfield><subfield code="d">OCLCQ</subfield></datafield><datafield ind1=" " ind2=" " tag="042"><subfield code="a">msc</subfield></datafield><datafield ind1="0" ind2="0" tag="245"><subfield code="a">Madison County leader and observer.</subfield></datafield><datafield ind1="1" ind2="3" tag="246"><subfield code="a">Madison County leader</subfield></datafield><datafield ind1=" " ind2=" " tag="260"><subfield code="a">Morrisville, N.Y. :</subfield><subfield code="b">John H. Broad,</subfield><subfield code="c">1907-1947.</subfield></datafield><datafield ind1=" " ind2=" " tag="300"><subfield code="a">v. ;</subfield><subfield code="c">71 cm.</subfield></datafield><datafield ind1=" " ind2=" " tag="310"><subfield code="a">Weekly</subfield></datafield><datafield ind1="0" ind2=" " tag="362"><subfield code="a">22nd year, no. 45 (Apr. 18, 1907)-v. 123, no. 50 (May 29, 1947).</subfield></datafield><datafield ind1=" " ind2=" " tag="500"><subfield code="a">Published on Thursday.</subfield></datafield><datafield ind1=" " ind2=" " tag="500"><subfield code="a">Publishers: John H. Broad, 1907-&lt;1922&gt;; William H. Evans, &lt;1923&gt;-1929; Kenneth T. Webber, 1929-&lt;1935&gt;; Anna Mae Kelly &amp; Robert H. Kelley, &lt;1940-1941&gt;; George W. Walter, &lt;1947&gt;.</subfield></datafield><datafield ind1=" " ind2=" " tag="580"><subfield code="a">Merged with: Hamilton Republican (Hamilton, N.Y.), and: Earlville standard, to form: Mid-York weekly.</subfield></datafield><datafield ind1=" " ind2="4" tag="651"><subfield code="a">Morrisville (N.Y.)</subfield><subfield code="v">Newspapers.</subfield></datafield><datafield ind1=" " ind2=" " tag="752"><subfield code="a">United States</subfield><subfield code="b">New York</subfield><subfield code="c">Madison</subfield><subfield code="d">Morrisville.</subfield></datafield><datafield ind1="0" ind2="0" tag="780"><subfield code="t">Madison County leader</subfield><subfield code="w">(DLC)sn 92061401</subfield><subfield code="w">(OCoLC)24956582</subfield></datafield><datafield ind1="1" ind2="7" tag="785"><subfield code="t">Hamilton Republican (Hamilton, N.Y.)</subfield><subfield code="w">(DLC)sn 87028304</subfield><subfield code="w">(OCoLC)15490336</subfield></datafield><datafield ind1="1" ind2="7" tag="785"><subfield code="t">Earlville standard</subfield><subfield code="w">(DLC)sn 87070073</subfield><subfield code="w">(OCoLC)16003017</subfield></datafield><datafield ind1="1" ind2="7" tag="785"><subfield code="t">Mid-York weekly</subfield><subfield code="w">(DLC)sn 92061402</subfield><subfield code="w">(OCoLC)24370386</subfield></datafield><datafield ind1="1" ind2=" " tag="029"><subfield code="a">AU@</subfield><subfield code="b">000025905100</subfield></datafield></record>